
<record>
  <leader>01644ccm a2200373 a 4500</leader>
  <controlfield tag="001">15808049</controlfield>
  <controlfield tag="005">20191229175349.0</controlfield>
  <controlfield tag="008">090708s1790    gw opc|           | ger  </controlfield>
  <datafield tag="906" ind1=" " ind2=" ">
    <subfield code="a">7</subfield>
    <subfield code="b">cbc</subfield>
    <subfield code="c">premver</subfield>
    <subfield code="d">2</subfield>
    <subfield code="e">ncip</subfield>
    <subfield code="f">20</subfield>
    <subfield code="g">y-gencatlg</subfield>
  </datafield>
  <datafield tag="955" ind1=" " ind2=" ">
    <subfield code="a">vk37 2019-12-20 RISM standards project</subfield>
  </datafield>
  <datafield tag="010" ind1=" " ind2=" ">
    <subfield code="a">  2009537336</subfield>
    <subfield code="z">   68129326 </subfield>
  </datafield>
  <datafield tag="028" ind1="2" ind2="2">
    <subfield code="a">117</subfield>
    <subfield code="b">Schott</subfield>
  </datafield>
  <datafield tag="035" ind1=" " ind2=" ">
    <subfield code="9">(DLC)   68129326</subfield>
  </datafield>
  <datafield tag="040" ind1=" " ind2=" ">
    <subfield code="a">DLC</subfield>
    <subfield code="c">CarP</subfield>
    <subfield code="d">DLC</subfield>
  </datafield>
  <datafield tag="041" ind1="1" ind2=" ">
    <subfield code="a">ger</subfield>
    <subfield code="h">fre</subfield>
  </datafield>
  <datafield tag="050" ind1="0" ind2="0">
    <subfield code="a">M1508</subfield>
  </datafield>
  <datafield tag="100" ind1="1" ind2=" ">
    <subfield code="a">Dalayrac, N.</subfield>
    <subfield code="q">(Nicolas),</subfield>
    <subfield code="d">1753-1809.</subfield>
  </datafield>
  <datafield tag="240" ind1="1" ind2="0">
    <subfield code="a">Azémia.</subfield>
    <subfield code="s">Vocal score.</subfield>
    <subfield code="k">Selections.</subfield>
    <subfield code="l">German</subfield>
  </datafield>
  <datafield tag="245" ind1="1" ind2="0">
    <subfield code="a">Ouverture und Gesaenge aus der Oper Die Wilden /</subfield>
    <subfield code="c">von Schmieder ; Musik von Dalayrac ; Clavierauszug von Ignaz Walter.</subfield>
  </datafield>
  <datafield tag="246" ind1="3" ind2="0">
    <subfield code="a">Wilden</subfield>
  </datafield>
  <datafield tag="246" ind1="3" ind2=" ">
    <subfield code="a">Ouverture und Gesänge aus der Oper Die Wilden</subfield>
  </datafield>
  <datafield tag="260" ind1=" " ind2=" ">
    <subfield code="a">In Mainz :</subfield>
    <subfield code="b">Bei Schott,</subfield>
    <subfield code="c">[1790?]</subfield>
  </datafield>
  <datafield tag="300" ind1=" " ind2=" ">
    <subfield code="a">23+ p. ;</subfield>
    <subfield code="c">25 x 32 cm.</subfield>
  </datafield>
  <datafield tag="500" ind1=" " ind2=" ">
    <subfield code="a">Original French words by Ange Étienne Xavier de La Chabeaussière.</subfield>
  </datafield>
  <datafield tag="500" ind1=" " ind2=" ">
    <subfield code="a">Publisher precedes place of publication on t.p.</subfield>
  </datafield>
  <datafield tag="510" ind1="4" ind2=" ">
    <subfield code="a">RISM (Répertoire international des sources musicales),</subfield>
    <subfield code="c">A/I, D 97</subfield>
  </datafield>
  <datafield tag="510" ind1="4" ind2=" ">
    <subfield code="a">RISM (Répertoire international des sources musicales,</subfield>
    <subfield code="c">990012044</subfield>
  </datafield>
  <datafield tag="505" ind1="1" ind2=" ">
    <subfield code="a">Ouverture aus den Wilden -- Aria aus den Wilden : Theure Tochter!</subfield>
  </datafield>
  <datafield tag="500" ind1=" " ind2=" ">
    <subfield code="a">Description based on incomplete copy; p. 8-20 and all after p. 23 wanting.</subfield>
  </datafield>
  <datafield tag="650" ind1=" " ind2="0">
    <subfield code="a">Operas</subfield>
    <subfield code="v">Excerpts</subfield>
    <subfield code="v">Vocal scores with piano.</subfield>
  </datafield>
  <datafield tag="700" ind1="1" ind2=" ">
    <subfield code="a">Schmieder, Heinrich Gottlieb,</subfield>
    <subfield code="d">1763-1828.</subfield>
    <subfield code="4">trl</subfield>
  </datafield>
  <datafield tag="700" ind1="1" ind2=" ">
    <subfield code="a">Walter, Ignaz,</subfield>
    <subfield code="d">1755-1822.</subfield>
    <subfield code="4">arr</subfield>
  </datafield>
  <datafield tag="700" ind1="1" ind2=" ">
    <subfield code="a">La Chabeaussière, Ange Etienne Xavier Poisson de,</subfield>
    <subfield code="d">1752-1820.</subfield>
    <subfield code="4">lyr</subfield>
  </datafield>
  <datafield tag="991" ind1=" " ind2=" ">
    <subfield code="b">c-Music</subfield>
    <subfield code="h">M1508</subfield>
    <subfield code="i">(Case)</subfield>
    <subfield code="t">Copy 1</subfield>
    <subfield code="w">PREM</subfield>
  </datafield>
</record>