
<record>
  <leader>03057cam a22005655i 4500</leader>
  <controlfield tag="001">19864046</controlfield>
  <controlfield tag="005">20191229175348.0</controlfield>
  <controlfield tag="008">170718s2015    rb a     bc   000 0csrp d</controlfield>
  <datafield tag="906" ind1=" " ind2=" ">
    <subfield code="a">0</subfield>
    <subfield code="b">ibc</subfield>
    <subfield code="c">copycat</subfield>
    <subfield code="d">3</subfield>
    <subfield code="e">epcn</subfield>
    <subfield code="f">20</subfield>
    <subfield code="g">y-nonroman</subfield>
  </datafield>
  <datafield tag="955" ind1=" " ind2=" ">
    <subfield code="b">fg10 2019-12-20 z-processor JACKPHY</subfield>
    <subfield code="i">fg10 2019-12-20 telework</subfield>
  </datafield>
  <datafield tag="010" ind1=" " ind2=" ">
    <subfield code="a">  2017462239</subfield>
  </datafield>
  <datafield tag="020" ind1=" " ind2=" ">
    <subfield code="a">9788633504515</subfield>
  </datafield>
  <datafield tag="020" ind1=" " ind2=" ">
    <subfield code="a">8633504510</subfield>
  </datafield>
  <datafield tag="035" ind1=" " ind2=" ">
    <subfield code="a">(OCoLC)ocn949267719</subfield>
  </datafield>
  <datafield tag="040" ind1=" " ind2=" ">
    <subfield code="a">EVIEW</subfield>
    <subfield code="b">eng</subfield>
    <subfield code="c">EVIEW</subfield>
    <subfield code="e">rda</subfield>
    <subfield code="d">JPG</subfield>
    <subfield code="d">OCLCO</subfield>
    <subfield code="d">CNUTO</subfield>
    <subfield code="d">BP1</subfield>
    <subfield code="d">OCLCF</subfield>
    <subfield code="d">OCLCQ</subfield>
    <subfield code="d">OCL</subfield>
    <subfield code="d">DLC</subfield>
  </datafield>
  <datafield tag="042" ind1=" " ind2=" ">
    <subfield code="a">lccopycat</subfield>
  </datafield>
  <datafield tag="043" ind1=" " ind2=" ">
    <subfield code="a">e-yu---</subfield>
  </datafield>
  <datafield tag="050" ind1="0" ind2="0">
    <subfield code="a">N7248.6</subfield>
    <subfield code="b">.I87 2015</subfield>
  </datafield>
  <datafield tag="245" ind1="0" ind2="0">
    <subfield code="6">880-01</subfield>
    <subfield code="a">Ispovesti jugoslovenske moderne :</subfield>
    <subfield code="b">radovi na papiru iz Zbirke Galerije Doma Vojske Srbije /</subfield>
    <subfield code="c">glavni urednik Dragana Marković ; autori izložbe i teksta kataloga Olivera Vukotić.</subfield>
  </datafield>
  <datafield tag="880" ind1="0" ind2="0">
    <subfield code="6">245-01</subfield>
    <subfield code="a">Исповести југословенске модерне :</subfield>
    <subfield code="b">радови на папиру из Збирке Галерије Дома Војске Србије /</subfield>
    <subfield code="c">главни уредник Драгана Марковић ; аутори изложбе и текста каталога Оливера Вукотић.</subfield>
  </datafield>
  <datafield tag="880" ind1="3" ind2="0">
    <subfield code="6">246-00</subfield>
    <subfield code="a">Радови на папиру из Збирке Галерије Дома Војске Србије</subfield>
  </datafield>
  <datafield tag="264" ind1=" " ind2="1">
    <subfield code="6">880-02</subfield>
    <subfield code="a">Beograd :</subfield>
    <subfield code="b">Velika galerija Doma Vojske Srbije,</subfield>
    <subfield code="c">[2015?]</subfield>
  </datafield>
  <datafield tag="880" ind1=" " ind2="1">
    <subfield code="6">264-02</subfield>
    <subfield code="a">Београд :</subfield>
    <subfield code="b">Велика галерија Дома Војске Србије,</subfield>
    <subfield code="c">[2015?]</subfield>
  </datafield>
  <datafield tag="300" ind1=" " ind2=" ">
    <subfield code="a">71 pages :</subfield>
    <subfield code="b">illustrations (chiefly color) ;</subfield>
    <subfield code="c">21 x 23 cm</subfield>
  </datafield>
  <datafield tag="336" ind1=" " ind2=" ">
    <subfield code="a">still image</subfield>
    <subfield code="b">sti</subfield>
    <subfield code="2">rdacontent</subfield>
  </datafield>
  <datafield tag="336" ind1=" " ind2=" ">
    <subfield code="a">text</subfield>
    <subfield code="b">txt</subfield>
    <subfield code="2">rdacontent</subfield>
  </datafield>
  <datafield tag="337" ind1=" " ind2=" ">
    <subfield code="a">unmediated</subfield>
    <subfield code="b">n</subfield>
    <subfield code="2">rdamedia</subfield>
  </datafield>
  <datafield tag="338" ind1=" " ind2=" ">
    <subfield code="a">volume</subfield>
    <subfield code="b">nc</subfield>
    <subfield code="2">rdacarrier</subfield>
  </datafield>
  <datafield tag="500" ind1=" " ind2=" ">
    <subfield code="a">Catalog of an exhibition held at Velika galerija Doma Vojske Srbije, 16 January-6 February 2015.</subfield>
  </datafield>
  <datafield tag="500" ind1=" " ind2=" ">
    <subfield code="a">Limited ed. of 300 copies.</subfield>
  </datafield>
  <datafield tag="504" ind1=" " ind2=" ">
    <subfield code="a">Includes bibliographical references.</subfield>
  </datafield>
  <datafield tag="610" ind1="2" ind2="0">
    <subfield code="a">Galerija Doma Vojske Srbije</subfield>
    <subfield code="v">Exhibitions.</subfield>
  </datafield>
  <datafield tag="650" ind1=" " ind2="0">
    <subfield code="a">Art, Yugoslav</subfield>
    <subfield code="y">21st century</subfield>
    <subfield code="v">Exhibitions.</subfield>
  </datafield>
  <datafield tag="650" ind1=" " ind2="0">
    <subfield code="a">Art, Yugoslav</subfield>
    <subfield code="y">20th century</subfield>
    <subfield code="v">Exhibitions.</subfield>
  </datafield>
  <datafield tag="650" ind1=" " ind2="0">
    <subfield code="a">Artists</subfield>
    <subfield code="z">Former Yugoslav republics</subfield>
    <subfield code="v">Biography.</subfield>
  </datafield>
  <datafield tag="650" ind1="0" ind2="4">
    <subfield code="a">Art museums, galleries, etc.</subfield>
  </datafield>
  <datafield tag="650" ind1="0" ind2="4">
    <subfield code="a">Visual arts.</subfield>
  </datafield>
  <datafield tag="610" ind1="2" ind2="7">
    <subfield code="a">Galerija Doma Vojske Srbije.</subfield>
    <subfield code="2">fast</subfield>
    <subfield code="0">(OCoLC)fst01998362</subfield>
  </datafield>
  <datafield tag="650" ind1=" " ind2="7">
    <subfield code="a">Art, Yugoslav.</subfield>
    <subfield code="2">fast</subfield>
    <subfield code="0">(OCoLC)fst00817022</subfield>
  </datafield>
  <datafield tag="650" ind1=" " ind2="7">
    <subfield code="a">Artists.</subfield>
    <subfield code="2">fast</subfield>
    <subfield code="0">(OCoLC)fst00817559</subfield>
  </datafield>
  <datafield tag="651" ind1=" " ind2="7">
    <subfield code="a">Yugoslavia.</subfield>
    <subfield code="2">fast</subfield>
    <subfield code="0">(OCoLC)fst01279262</subfield>
  </datafield>
  <datafield tag="648" ind1=" " ind2="7">
    <subfield code="a">1900-2099</subfield>
    <subfield code="2">fast</subfield>
  </datafield>
  <datafield tag="655" ind1=" " ind2="7">
    <subfield code="a">Biographies.</subfield>
    <subfield code="2">fast</subfield>
    <subfield code="0">(OCoLC)fst01919896</subfield>
  </datafield>
  <datafield tag="655" ind1=" " ind2="7">
    <subfield code="a">Exhibition catalogs.</subfield>
    <subfield code="2">fast</subfield>
    <subfield code="0">(OCoLC)fst01424028</subfield>
  </datafield>
  <datafield tag="700" ind1="1" ind2=" ">
    <subfield code="6">880-03</subfield>
    <subfield code="a">Marković, Dragana,</subfield>
    <subfield code="e">editor.</subfield>
  </datafield>
  <datafield tag="880" ind1="1" ind2=" ">
    <subfield code="6">700-03</subfield>
    <subfield code="a">Марковић, Драгана,</subfield>
    <subfield code="e">editor.</subfield>
  </datafield>
  <datafield tag="700" ind1="1" ind2=" ">
    <subfield code="6">880-04</subfield>
    <subfield code="a">Vukotić, Olivera,</subfield>
    <subfield code="d">1970-</subfield>
    <subfield code="e">writer of supplementary textual content.</subfield>
  </datafield>
  <datafield tag="880" ind1="1" ind2=" ">
    <subfield code="6">700-04</subfield>
    <subfield code="a">Вукотић, Оливера,</subfield>
    <subfield code="d">1970-</subfield>
    <subfield code="e">writer of supplementary textual content.</subfield>
  </datafield>
  <datafield tag="710" ind1="2" ind2=" ">
    <subfield code="6">880-05</subfield>
    <subfield code="a">Galerija Doma Vojske Srbije,</subfield>
    <subfield code="e">host institution.</subfield>
  </datafield>
  <datafield tag="880" ind1="2" ind2=" ">
    <subfield code="6">710-05</subfield>
    <subfield code="a">Галерија Дома Војске Србије,</subfield>
    <subfield code="e">host institution.</subfield>
  </datafield>
</record>