
<record>
  <leader>02091cam a22003735i 4500</leader>
  <controlfield tag="001">20836447</controlfield>
  <controlfield tag="005">20191229182347.0</controlfield>
  <controlfield tag="008">180211s2017    is            000 0 heb  </controlfield>
  <datafield tag="906" ind1=" " ind2=" ">
    <subfield code="a">0</subfield>
    <subfield code="b">ibc</subfield>
    <subfield code="c">origres</subfield>
    <subfield code="d">3</subfield>
    <subfield code="e">ncip</subfield>
    <subfield code="f">20</subfield>
    <subfield code="g">y-nonroman</subfield>
  </datafield>
  <datafield tag="925" ind1="0" ind2=" ">
    <subfield code="a">acquire</subfield>
    <subfield code="b">1 shelf copy</subfield>
    <subfield code="x">policy default</subfield>
  </datafield>
  <datafield tag="955" ind1=" " ind2=" ">
    <subfield code="a">ve01 2019-02-01;</subfield>
    <subfield code="b">cd23 2019-12-23 added LCCN and Holding and Item records;</subfield>
    <subfield code="a">cd00 2019-12-23 to ASME/IJ;</subfield>
    <subfield code="a">cd23 2019-12-23 to cd23 for full cat.</subfield>
  </datafield>
  <datafield tag="010" ind1=" " ind2=" ">
    <subfield code="a">  2019454484</subfield>
  </datafield>
  <datafield tag="035" ind1=" " ind2=" ">
    <subfield code="a">(IsJeAIW)wb2019427953</subfield>
  </datafield>
  <datafield tag="040" ind1=" " ind2=" ">
    <subfield code="a">DLC</subfield>
    <subfield code="b">eng</subfield>
    <subfield code="c">DLC</subfield>
    <subfield code="e">rda</subfield>
  </datafield>
  <datafield tag="042" ind1=" " ind2=" ">
    <subfield code="a">pcc</subfield>
  </datafield>
  <datafield tag="066" ind1=" " ind2=" ">
    <subfield code="c">(2</subfield>
  </datafield>
  <datafield tag="100" ind1="0" ind2=" ">
    <subfield code="a">Naḥman,</subfield>
    <subfield code="c">of Bratslav,</subfield>
    <subfield code="d">1772-1811,</subfield>
    <subfield code="e">author.</subfield>
  </datafield>
  <datafield tag="240" ind1="1" ind2="0">
    <subfield code="a">Works.</subfield>
    <subfield code="k">Selections</subfield>
  </datafield>
  <datafield tag="245" ind1="1" ind2="0">
    <subfield code="6">880-01</subfield>
    <subfield code="a">Kol kitve Rabenu :</subfield>
    <subfield code="b">meḥulaḳ le-fi seder yemot ha-shanah /</subfield>
    <subfield code="c">le-rabenu or ha-orot naḥal noveʻa meḳor ḥokhmah Rabenu Naḥman mi-Braslev, z.y. ʻa. a. ; neʼesaf ʻa. y. Eliyahu ʻAṭiyah, y. Ts. ṿ., ben a.a.m. ṿe-r. ha-rav ha-gaʼon R. Mordekhai, sheliṭa.</subfield>
  </datafield>
  <datafield tag="880" ind1="1" ind2="0">
    <subfield code="6">245-01/(2/r</subfield>
    <subfield code="a">כל כתבי רבנו :</subfield>
    <subfield code="b">מחולק לפי סדר ימות השנה /</subfield>
    <subfield code="c">לרבנו אור האורות נחל נובע מקור חכמה רבנו נחמן מברסלב, זיע&quot;א ; נאסף ע״י אליהו עטייה, יצ&quot;ו, בן אאמו&quot;ר הרב הגאון ר&apos; מרדכי, שליט&quot;א.</subfield>
  </datafield>
  <datafield tag="264" ind1=" " ind2="1">
    <subfield code="6">880-02</subfield>
    <subfield code="a">Yerushalayim :</subfield>
    <subfield code="b">Eliyahu ʻAṭiyah,</subfield>
    <subfield code="c">778 [2017 or 2018]</subfield>
  </datafield>
  <datafield tag="880" ind1=" " ind2="1">
    <subfield code="6">264-02/(2/r</subfield>
    <subfield code="a">ירושלים :</subfield>
    <subfield code="b">אליהו עטייה,</subfield>
    <subfield code="c">תשע״ח.</subfield>
  </datafield>
  <datafield tag="300" ind1=" " ind2=" ">
    <subfield code="a">21, 1306 pages ;</subfield>
    <subfield code="c">24 cm</subfield>
  </datafield>
  <datafield tag="336" ind1=" " ind2=" ">
    <subfield code="a">text</subfield>
    <subfield code="b">txt</subfield>
    <subfield code="2">rdacontent</subfield>
  </datafield>
  <datafield tag="337" ind1=" " ind2=" ">
    <subfield code="a">unmediated</subfield>
    <subfield code="b">n</subfield>
    <subfield code="2">rdamedia</subfield>
  </datafield>
  <datafield tag="338" ind1=" " ind2=" ">
    <subfield code="a">volume</subfield>
    <subfield code="b">nc</subfield>
    <subfield code="2">rdacarrier</subfield>
  </datafield>
  <datafield tag="500" ind1=" " ind2=" ">
    <subfield code="a">Vocalized title and text.</subfield>
  </datafield>
  <datafield tag="505" ind1="0" ind2=" ">
    <subfield code="a">Maʻalat limud sifre Rabenu -- Liḳuṭe Moharan ḳama -- Liḳuṭe Moharan tinyana -- Sefer ha-Midot -- Sipure Maʻaśiyot -- Śiḥot ha-Ran -- Ḥaye Moharan -- Shivḥe ha-Ran -- Tiḳun ha-kelali.</subfield>
  </datafield>
  <datafield tag="600" ind1="0" ind2="0">
    <subfield code="a">Naḥman,</subfield>
    <subfield code="c">of Bratslav,</subfield>
    <subfield code="d">1772-1811.</subfield>
  </datafield>
  <datafield tag="650" ind1=" " ind2="0">
    <subfield code="a">Bratslav Hasidim.</subfield>
  </datafield>
  <datafield tag="700" ind1="1" ind2=" ">
    <subfield code="a">ʻAṭiyah, Eliyahu ben Mordekhai,</subfield>
    <subfield code="e">compiler.</subfield>
  </datafield>
  <datafield tag="752" ind1=" " ind2=" ">
    <subfield code="a">Israel</subfield>
    <subfield code="d">Jerusalem.</subfield>
  </datafield>
  <datafield tag="923" ind1=" " ind2=" ">
    <subfield code="d">20181121</subfield>
    <subfield code="n">32249</subfield>
    <subfield code="s">IsJeAIW</subfield>
  </datafield>
  <datafield tag="985" ind1=" " ind2=" ">
    <subfield code="e">VENDOR LOAD</subfield>
  </datafield>
</record>