
<record>
  <leader>07513cam a2200481 i 4500</leader>
  <controlfield tag="001">21313502</controlfield>
  <controlfield tag="005">20191229175348.0</controlfield>
  <controlfield tag="008">191126m2019uuuubu a     b    000 0 bul d</controlfield>
  <datafield tag="906" ind1=" " ind2=" ">
    <subfield code="a">0</subfield>
    <subfield code="b">ibc</subfield>
    <subfield code="c">copycat</subfield>
    <subfield code="d">2</subfield>
    <subfield code="e">epcn</subfield>
    <subfield code="f">20</subfield>
    <subfield code="g">y-nonroman</subfield>
  </datafield>
  <datafield tag="955" ind1=" " ind2=" ">
    <subfield code="b">fg10 2019-12-20 z-processor JACKPHY</subfield>
    <subfield code="i">fg10 2019-12-20 telework</subfield>
  </datafield>
  <datafield tag="010" ind1=" " ind2=" ">
    <subfield code="a">  2019395774</subfield>
  </datafield>
  <datafield tag="020" ind1=" " ind2=" ">
    <subfield code="a">9789540746630</subfield>
  </datafield>
  <datafield tag="020" ind1=" " ind2=" ">
    <subfield code="a">9540746639</subfield>
  </datafield>
  <datafield tag="035" ind1=" " ind2=" ">
    <subfield code="a">(OCoLC)on1129596176</subfield>
  </datafield>
  <datafield tag="040" ind1=" " ind2=" ">
    <subfield code="a">OSU</subfield>
    <subfield code="b">eng</subfield>
    <subfield code="c">OSU</subfield>
    <subfield code="e">rda</subfield>
    <subfield code="d">DLC</subfield>
  </datafield>
  <datafield tag="041" ind1="0" ind2=" ">
    <subfield code="a">bul</subfield>
    <subfield code="a">chu</subfield>
    <subfield code="a">gre</subfield>
    <subfield code="b">eng</subfield>
  </datafield>
  <datafield tag="042" ind1=" " ind2=" ">
    <subfield code="a">lccopycat</subfield>
  </datafield>
  <datafield tag="050" ind1="0" ind2="0">
    <subfield code="a">PG701</subfield>
    <subfield code="b">.K55 2019</subfield>
  </datafield>
  <datafield tag="245" ind1="0" ind2="0">
    <subfield code="6">880-01</subfield>
    <subfield code="a">Klimentovi chtenii︠a︡ za mladi izsledovateli :</subfield>
    <subfield code="b">sbornik s dokladi ot ednoimennata konferent︠s︡ii︠a︡ /</subfield>
    <subfield code="c">sŭstaviteli, Diana Petrova Atanasova, Marii︠a︡ Antonova-Vapt︠s︡arova.</subfield>
  </datafield>
  <datafield tag="880" ind1="0" ind2="0">
    <subfield code="6">245-01</subfield>
    <subfield code="a">Климентови чтения за млади изследователи :</subfield>
    <subfield code="b">сборник с доклади от едноименната конференция /</subfield>
    <subfield code="c">съставители, Диана Петрова Атанасова, Мария Антонова-Вапцарова.</subfield>
  </datafield>
  <datafield tag="250" ind1=" " ind2=" ">
    <subfield code="6">880-02</subfield>
    <subfield code="a">Pŭrvo izdanie.</subfield>
  </datafield>
  <datafield tag="880" ind1=" " ind2=" ">
    <subfield code="6">250-02</subfield>
    <subfield code="a">Първо издание.</subfield>
  </datafield>
  <datafield tag="264" ind1=" " ind2="1">
    <subfield code="6">880-03</subfield>
    <subfield code="a">Sofii︠a︡ :</subfield>
    <subfield code="b">Universitetsko izdatelstvo &quot;Sv. Kliment Okhridski&quot;,</subfield>
    <subfield code="c">2019-</subfield>
  </datafield>
  <datafield tag="880" ind1=" " ind2="1">
    <subfield code="6">264-03</subfield>
    <subfield code="a">София :</subfield>
    <subfield code="b">Университетско издателство &quot;Св. Климент Охридски&quot;,</subfield>
    <subfield code="c">2019-</subfield>
  </datafield>
  <datafield tag="264" ind1=" " ind2="4">
    <subfield code="c">©2019</subfield>
  </datafield>
  <datafield tag="300" ind1=" " ind2=" ">
    <subfield code="a">volumes :</subfield>
    <subfield code="b">illustrations ;</subfield>
    <subfield code="c">24 cm</subfield>
  </datafield>
  <datafield tag="336" ind1=" " ind2=" ">
    <subfield code="a">text</subfield>
    <subfield code="b">txt</subfield>
    <subfield code="2">rdacontent</subfield>
  </datafield>
  <datafield tag="337" ind1=" " ind2=" ">
    <subfield code="a">unmediated</subfield>
    <subfield code="b">n</subfield>
    <subfield code="2">rdamedia</subfield>
  </datafield>
  <datafield tag="338" ind1=" " ind2=" ">
    <subfield code="a">volume</subfield>
    <subfield code="b">nc</subfield>
    <subfield code="2">rdacarrier</subfield>
  </datafield>
  <datafield tag="546" ind1=" " ind2=" ">
    <subfield code="a">Bulgarian with text also in Church Slavic and Greek ; summaries also in English.</subfield>
  </datafield>
  <datafield tag="504" ind1=" " ind2=" ">
    <subfield code="a">Includes bibliographical references.</subfield>
  </datafield>
  <datafield tag="505" ind1="0" ind2="0">
    <subfield code="6">880-04</subfield>
    <subfield code="t">&quot;Misericordia&quot; ot Seneka kŭm Avgustin - kontini︠u︡itet i preosmisli︠a︡ne na vladetelskata dobrodetel /</subfield>
    <subfield code="r">Aleksandra Dimitrova --</subfield>
    <subfield code="t">Metafrastovoto zhitie na sv. Tekla (BHG1719) u Agapiĭ Kritski (1641) i u Ĭosif Bradati (1743) /</subfield>
    <subfield code="r">Ambŭr Ivanova --</subfield>
    <subfield code="t">Metafrastovoto zhitie na sv. Tekla prez kŭnosrednovekovnata epokha: pŭrvo kritichesko izdanie na Ĭosifovoto zhitie ot 1743 g. /</subfield>
    <subfield code="r">Ambŭr Ivanova --</subfield>
    <subfield code="t">Zhitieto i paterichnii︠a︡t razkaz kato zhanrovi modeli prez XIV v. /</subfield>
    <subfield code="r">Boris Iliev --</subfield>
    <subfield code="t">Razkazŭt &quot;Kitka divi i︠a︡godi&quot; ot Sava Vasilev - edna istorii︠a︡ za posichaneto na grekha i vinata /</subfield>
    <subfield code="r">Gergana Zhekova --</subfield>
    <subfield code="t">Srŭbski letopis v rŭkopis No. 293 ot Nat︠s︡ionalnata biblioteka v Sofii︠a︡ /</subfield>
    <subfield code="r">Denit︠s︡a Petrova --</subfield>
    <subfield code="t">Razkazŭt za napadenii︠a︡ta sreshtu T︠S︡arigrad v slavi︠a︡nskata knizhnina /</subfield>
    <subfield code="r">Denit︠s︡a Petrova --</subfield>
    <subfield code="t">T︠S︡ikŭlŭt &quot;Chudesa bogorodichni&quot; na Agapiĭ Landos v bŭlgarski rŭkopisi ot XVIII vek: dopŭlvane na sbirkata s drugi tekstove /</subfield>
    <subfield code="r">Desislava Uzunova --</subfield>
    <subfield code="t">Kultŭt kŭm sveti Kliment Okhridski v perioda na Srednovekovieto /</subfield>
    <subfield code="r">Kristii︠a︡n Kovachev --</subfield>
    <subfield code="t">Predstavata za T︠S︡ŭrkvata v pouchitelnite slova na sv. Kliment Okhridski /</subfield>
    <subfield code="r">Marii︠a︡ Antonova-Vapt︠s︡arova --</subfield>
    <subfield code="t">Pouchitelnite slova na sv. Kliment Okhridski mezhdu Zapadnata i Iztochnata t︠s︡ŭrkva /</subfield>
    <subfield code="r">Marii︠a︡ Antonova-Vapt︠s︡arova --</subfield>
    <subfield code="t">Motivŭt za li︠u︡bovta v lirikata na Safo /</subfield>
    <subfield code="r">Mikhaela Pavlova --</subfield>
    <subfield code="t">Vlii︠a︡nieto na Kherder vŭrkhu slovashkoto vŭzrazhdane /</subfield>
    <subfield code="r">Nikolaĭ Zhelev --</subfield>
    <subfield code="t">Zhitieto na sv. amoriĭski mŭchenit︠s︡i v sŭstava na Suprasŭlskii︠a︡ sbornik /</subfield>
    <subfield code="r">Plamena Kostova --</subfield>
    <subfield code="t">Vŭrkhu leksikata na zhitie na sv. Ekaterina, pisano na naroden khŭrvatski ezik ot perioda XIV-XV v. /</subfield>
    <subfield code="r">Simeon Stefanov --</subfield>
    <subfield code="t">Vŭnshnopoliticheski predpostavki za vŭznikvane na Vidinskoto t︠s︡arstvo na t︠s︡ar Ivan Srat︠s︡imir /</subfield>
    <subfield code="r">Khristin Lalev --</subfield>
    <subfield code="t">Moi︠a︡t pogled vŭrkhu ezikovo-pravopisnata reforma na Patriarkh Evtimiĭ /</subfield>
    <subfield code="r">I︠A︡na I︠A︡kimova.</subfield>
  </datafield>
  <datafield tag="880" ind1="0" ind2="0">
    <subfield code="6">505-04</subfield>
    <subfield code="t">&quot;Misericordia&quot; от Сенека към Августин - континюитет и преосмисляне на владетелската добродетел /</subfield>
    <subfield code="r">Александра Димитрова --</subfield>
    <subfield code="t">Метафрастовото житие на св. Текла (BHG1719) у Агапий Критски (1641) и у Йосиф Брадати (1743) /</subfield>
    <subfield code="r">Амбър Иванова --</subfield>
    <subfield code="t">Метафрастовото житие на св. Текла през къносредновековната епоха: първо критическо издание на Йосифовото житие от 1743 г. /</subfield>
    <subfield code="r">Амбър Иванова --</subfield>
    <subfield code="t">Житието и патеричният разказ като жанрови модели през XIV в. /</subfield>
    <subfield code="r">Борис Илиев --</subfield>
    <subfield code="t">Разказът &quot;Китка диви ягоди&quot; от Сава Василев - една история за посичането на греха и вината /</subfield>
    <subfield code="r">Гергана Жекова --</subfield>
    <subfield code="t">Сръбски летопис в ръкопис No. 293 от Националната библиотека в София /</subfield>
    <subfield code="r">Деница Петрова --</subfield>
    <subfield code="t">Разказът за нападенията срещу Цариград в славянската книжнина /</subfield>
    <subfield code="r">Деница Петрова --</subfield>
    <subfield code="t">Цикълът &quot;Чудеса богородични&quot; на Агапий Ландос в български ръкописи от XVIII век: допълване на сбирката с други текстове /</subfield>
    <subfield code="r">Десислава Узунова --</subfield>
    <subfield code="t">Култът към свети Климент Охридски в периода на Средновековието /</subfield>
    <subfield code="r">Кристиян Ковачев --</subfield>
    <subfield code="t">Представата за Църквата в поучителните слова на св. Климент Охридски /</subfield>
    <subfield code="r">Мария Антонова-Вапцарова --</subfield>
    <subfield code="t">Поучителните слова на св. Климент Охридски между Западната и Източната църква /</subfield>
    <subfield code="r">Мария Антонова-Вапцарова --</subfield>
    <subfield code="t">Мотивът за любовта в лириката на Сафо /</subfield>
    <subfield code="r">Михаела Павлова --</subfield>
    <subfield code="t">Влиянието на Хердер върху словашкото възраждане /</subfield>
    <subfield code="r">Николай Желев --</subfield>
    <subfield code="t">Житието на св. аморийски мъченици в състава на Супрасълския сборник /</subfield>
    <subfield code="r">Пламена Костова --</subfield>
    <subfield code="t">Върху лексиката на житие на св. Екатерина, писано на народен хърватски език от периода XIV-XV в. /</subfield>
    <subfield code="r">Симеон Стефанов --</subfield>
    <subfield code="t">Външнополитически предпоставки за възникване на Видинското царство на цар Иван Срацимир /</subfield>
    <subfield code="r">Христин Лалев --</subfield>
    <subfield code="t">Моят поглед върху езиково-правописната реформа на Патриарх Евтимий /</subfield>
    <subfield code="r">Яна Якимова.</subfield>
  </datafield>
  <datafield tag="650" ind1=" " ind2="0">
    <subfield code="a">Church Slavic literature</subfield>
    <subfield code="x">History.</subfield>
  </datafield>
  <datafield tag="610" ind1="2" ind2="0">
    <subfield code="a">Orthodox Eastern Church</subfield>
    <subfield code="x">Liturgy</subfield>
    <subfield code="x">History.</subfield>
  </datafield>
  <datafield tag="610" ind1="2" ind2="0">
    <subfield code="a">Orthodox Eastern Church</subfield>
    <subfield code="x">Liturgy</subfield>
    <subfield code="x">Texts.</subfield>
  </datafield>
  <datafield tag="650" ind1=" " ind2="0">
    <subfield code="a">Manuscripts, Church Slavic</subfield>
    <subfield code="x">History.</subfield>
  </datafield>
  <datafield tag="700" ind1="1" ind2=" ">
    <subfield code="6">880-05</subfield>
    <subfield code="a">Atanasova, Diana,</subfield>
    <subfield code="e">compiler.</subfield>
  </datafield>
  <datafield tag="880" ind1="1" ind2=" ">
    <subfield code="6">700-05</subfield>
    <subfield code="a">Атанасова, Диана,</subfield>
    <subfield code="e">compiler.</subfield>
  </datafield>
  <datafield tag="700" ind1="1" ind2=" ">
    <subfield code="6">880-06</subfield>
    <subfield code="a">Antonova-Vapt︠s︡arova, Marii︠a︡,</subfield>
    <subfield code="e">compiler.</subfield>
  </datafield>
  <datafield tag="880" ind1="1" ind2=" ">
    <subfield code="6">700-06</subfield>
    <subfield code="a">Антонова-Вапцарова, Мария,</subfield>
    <subfield code="e">compiler.</subfield>
  </datafield>
  <datafield tag="710" ind1="2" ind2=" ">
    <subfield code="6">880-07</subfield>
    <subfield code="a">Sofiĭski universitet &quot;Sv. Kliment Okhridski.&quot;</subfield>
  </datafield>
  <datafield tag="880" ind1="2" ind2=" ">
    <subfield code="6">710-07</subfield>
    <subfield code="a">Софийски университет &quot;Св. Климент Охридски.&quot;</subfield>
  </datafield>
</record>