
<record>
  <leader>02893cam a22005055i 4500</leader>
  <controlfield tag="001">21318412</controlfield>
  <controlfield tag="005">20191229171251.0</controlfield>
  <controlfield tag="008">191203t20192019enk      b    001 0 eng d</controlfield>
  <datafield tag="906" ind1=" " ind2=" ">
    <subfield code="a">0</subfield>
    <subfield code="b">ibc</subfield>
    <subfield code="c">copycat</subfield>
    <subfield code="d">2</subfield>
    <subfield code="e">ncip</subfield>
    <subfield code="f">20</subfield>
    <subfield code="g">y-gencatlg</subfield>
  </datafield>
  <datafield tag="925" ind1="0" ind2=" ">
    <subfield code="a">acquire</subfield>
    <subfield code="b">* shelf copies</subfield>
    <subfield code="x">policy default</subfield>
  </datafield>
  <datafield tag="955" ind1=" " ind2=" ">
    <subfield code="b">xk12 2019-12-03 z-processor</subfield>
    <subfield code="a">HAND CARRY X COPIES/CIP COPY/LP COPY/ANY COPIES NEEDED FOR CONGRESSIONAL LOAN; DO NOT DISCARD; PLS CONTACT/scar, x7717 2019-12-20</subfield>
  </datafield>
  <datafield tag="010" ind1=" " ind2=" ">
    <subfield code="a">  2019457328</subfield>
  </datafield>
  <datafield tag="015" ind1=" " ind2=" ">
    <subfield code="a">GBB9B3184</subfield>
    <subfield code="2">bnb</subfield>
  </datafield>
  <datafield tag="016" ind1="7" ind2=" ">
    <subfield code="a">019445127</subfield>
    <subfield code="2">Uk</subfield>
  </datafield>
  <datafield tag="020" ind1=" " ind2=" ">
    <subfield code="a">9781905816279</subfield>
    <subfield code="q">(hardback)</subfield>
  </datafield>
  <datafield tag="020" ind1=" " ind2=" ">
    <subfield code="a">1905816278</subfield>
    <subfield code="q">(hardback)</subfield>
  </datafield>
  <datafield tag="020" ind1=" " ind2=" ">
    <subfield code="a">9781905816347</subfield>
    <subfield code="q">(paperback)</subfield>
  </datafield>
  <datafield tag="020" ind1=" " ind2=" ">
    <subfield code="a">1905816340</subfield>
    <subfield code="q">(paperback)</subfield>
  </datafield>
  <datafield tag="020" ind1=" " ind2=" ">
    <subfield code="z">9781905816293</subfield>
    <subfield code="q">(ePub ebook)</subfield>
  </datafield>
  <datafield tag="020" ind1=" " ind2=" ">
    <subfield code="z">9781905816286</subfield>
    <subfield code="q">(PDF ebook)</subfield>
  </datafield>
  <datafield tag="035" ind1=" " ind2=" ">
    <subfield code="a">(OCoLC)on1089230985</subfield>
  </datafield>
  <datafield tag="040" ind1=" " ind2=" ">
    <subfield code="a">YDX</subfield>
    <subfield code="b">eng</subfield>
    <subfield code="c">YDX</subfield>
    <subfield code="e">rda</subfield>
    <subfield code="d">UKMGB</subfield>
    <subfield code="d">UAB</subfield>
    <subfield code="d">AVA</subfield>
    <subfield code="d">OCLCF</subfield>
    <subfield code="d">CHVBK</subfield>
    <subfield code="d">OCLCO</subfield>
    <subfield code="d">OCLCA</subfield>
    <subfield code="d">DLC</subfield>
  </datafield>
  <datafield tag="042" ind1=" " ind2=" ">
    <subfield code="a">lccopycat</subfield>
  </datafield>
  <datafield tag="082" ind1="0" ind2="4">
    <subfield code="a">828.809</subfield>
    <subfield code="2">23</subfield>
  </datafield>
  <datafield tag="097" ind1="0" ind2="0">
    <subfield code="a">PR5084</subfield>
    <subfield code="b">.W555 2019</subfield>
  </datafield>
  <datafield tag="245" ind1="0" ind2="0">
    <subfield code="a">William Morris and John Ruskin :</subfield>
    <subfield code="b">a new road on which the world should travel /</subfield>
    <subfield code="c">edited by John Blewitt.</subfield>
  </datafield>
  <datafield tag="264" ind1=" " ind2="1">
    <subfield code="a">Exeter, UK :</subfield>
    <subfield code="b">University of Exeter Press,</subfield>
    <subfield code="c">2019.</subfield>
  </datafield>
  <datafield tag="264" ind1=" " ind2="4">
    <subfield code="c">©2019</subfield>
  </datafield>
  <datafield tag="300" ind1=" " ind2=" ">
    <subfield code="a">ix, 191 pages ;</subfield>
    <subfield code="c">24 cm</subfield>
  </datafield>
  <datafield tag="336" ind1=" " ind2=" ">
    <subfield code="a">text</subfield>
    <subfield code="b">txt</subfield>
    <subfield code="2">rdacontent</subfield>
  </datafield>
  <datafield tag="337" ind1=" " ind2=" ">
    <subfield code="a">unmediated</subfield>
    <subfield code="b">n</subfield>
    <subfield code="2">rdamedia</subfield>
  </datafield>
  <datafield tag="338" ind1=" " ind2=" ">
    <subfield code="a">volume</subfield>
    <subfield code="b">nc</subfield>
    <subfield code="2">rdacarrier</subfield>
  </datafield>
  <datafield tag="500" ind1=" " ind2=" ">
    <subfield code="a">Chapters previously published in the Journal of William Morris Studies.</subfield>
  </datafield>
  <datafield tag="504" ind1=" " ind2=" ">
    <subfield code="a">Includes bibliographical references and index.</subfield>
  </datafield>
  <datafield tag="505" ind1="0" ind2=" ">
    <subfield code="a">1. Ruskin and Morris / Peter Faulkner -- 2. John Ruskin: Patron or Patriarch? / Robert Brownell -- 3. &apos;This link between the Earth and Man&apos;: Ruskin, Nature and Education / Sara Atwood -- 4. Red House and Ruskin / Jacques Migeon -- 5. Morris and Pre-Raphaelitism / Peter Faulkner -- 6. Ruskin and Fairfax Murray / David Elliott -- 7. John Ruskin, William Morris and the Illuminated Manuscript / Evelyn J. Phimister -- 8. Medievalism in Morris&apos;s Aesthetic Theory / Michael Naslas -- 9. &apos;Bawling the right road&apos;: Morris and Ruskinian Social Criticism / Chris Brooks -- 10. From Art to Politics: William Morris and John Ruskin / Lawrence Goldman -- 11. Laxey Mill: Ruskin&apos;s Parallel to Merton Abbey / David Faldet -- 12. William Morris and the Division of Labour: The Idea of Work in News from Nowhere / Christopher Shaw -- 13. Ruskin&apos;s Tory Paternalism / John Blewitt.</subfield>
  </datafield>
  <datafield tag="600" ind1="1" ind2="0">
    <subfield code="a">Morris, William,</subfield>
    <subfield code="d">1834-1896.</subfield>
  </datafield>
  <datafield tag="600" ind1="1" ind2="0">
    <subfield code="a">Ruskin, John,</subfield>
    <subfield code="d">1819-1900.</subfield>
  </datafield>
  <datafield tag="600" ind1="1" ind2="7">
    <subfield code="a">Morris, William,</subfield>
    <subfield code="d">1834-1896.</subfield>
    <subfield code="2">fast</subfield>
    <subfield code="0">(OCoLC)fst00029046</subfield>
  </datafield>
  <datafield tag="600" ind1="1" ind2="7">
    <subfield code="a">Ruskin, John,</subfield>
    <subfield code="d">1819-1900.</subfield>
    <subfield code="2">fast</subfield>
    <subfield code="0">(OCoLC)fst00030222</subfield>
  </datafield>
  <datafield tag="600" ind1="1" ind2="7">
    <subfield code="a">Morris, William</subfield>
    <subfield code="d">1834-1896</subfield>
    <subfield code="2">gnd</subfield>
  </datafield>
  <datafield tag="600" ind1="1" ind2="7">
    <subfield code="a">Ruskin, John</subfield>
    <subfield code="d">1819-1900</subfield>
    <subfield code="2">gnd</subfield>
  </datafield>
  <datafield tag="700" ind1="1" ind2=" ">
    <subfield code="a">Blewitt, John,</subfield>
    <subfield code="d">1957-</subfield>
    <subfield code="e">editor.</subfield>
  </datafield>
  <datafield tag="710" ind1="2" ind2=" ">
    <subfield code="a">William Morris Society,</subfield>
    <subfield code="e">original issuing body.</subfield>
  </datafield>
  <datafield tag="730" ind1="0" ind2=" ">
    <subfield code="a">Journal of William Morris studies</subfield>
  </datafield>
  <datafield tag="776" ind1="0" ind2="8">
    <subfield code="i">ebook version :</subfield>
    <subfield code="z">9781905816293</subfield>
  </datafield>
</record>