
<record>
  <leader>02319cam a22003375i 4500</leader>
  <controlfield tag="001">21342392</controlfield>
  <controlfield tag="005">20191229090501.0</controlfield>
  <controlfield tag="008">191220s2019    ts            000 0 ara  </controlfield>
  <datafield tag="906" ind1=" " ind2=" ">
    <subfield code="a">0</subfield>
    <subfield code="b">ibc</subfield>
    <subfield code="c">origode</subfield>
    <subfield code="d">3</subfield>
    <subfield code="e">ncip</subfield>
    <subfield code="f">20</subfield>
    <subfield code="g">y-nonroman</subfield>
  </datafield>
  <datafield tag="925" ind1="0" ind2=" ">
    <subfield code="a">acquire</subfield>
    <subfield code="b">1 shelf copy</subfield>
    <subfield code="x">policy default</subfield>
  </datafield>
  <datafield tag="955" ind1=" " ind2=" ">
    <subfield code="b">we59 2019-12-20 to ASME/ME</subfield>
  </datafield>
  <datafield tag="010" ind1=" " ind2=" ">
    <subfield code="a">  2019306688</subfield>
  </datafield>
  <datafield tag="020" ind1=" " ind2=" ">
    <subfield code="a">9789948362180</subfield>
  </datafield>
  <datafield tag="037" ind1=" " ind2=" ">
    <subfield code="c">80.00 AED</subfield>
  </datafield>
  <datafield tag="040" ind1=" " ind2=" ">
    <subfield code="a">DLC</subfield>
    <subfield code="b">eng</subfield>
    <subfield code="e">rda</subfield>
    <subfield code="c">DLC</subfield>
  </datafield>
  <datafield tag="042" ind1=" " ind2=" ">
    <subfield code="a">pcc</subfield>
    <subfield code="a">lcode</subfield>
  </datafield>
  <datafield tag="066" ind1=" " ind2=" ">
    <subfield code="c">(3</subfield>
  </datafield>
  <datafield tag="100" ind1="1" ind2=" ">
    <subfield code="6">880-01</subfield>
    <subfield code="a">Maʻāyṭah, Rūlā,</subfield>
    <subfield code="e">author.</subfield>
  </datafield>
  <datafield tag="880" ind1="1" ind2=" ">
    <subfield code="6">100-01/(3/r‏</subfield>
    <subfield code="a">‏معايطة، رولا.</subfield>
  </datafield>
  <datafield tag="245" ind1="1" ind2="3">
    <subfield code="6">880-02</subfield>
    <subfield code="a">al-Waṣāyā al-ʻashr lil-idārah al-ḥukūmīyah :</subfield>
    <subfield code="b">mustawḥāh min kitāb &quot;qiṣṣatī&quot; lil-shaykh Muḥammad ibn Rāshid Āl Maktūm /</subfield>
    <subfield code="c">iʻdād wa-taʼlīf Rūlā al-Maʻāyṭah, Nasīm al-Ṣamādī, Ṣāliḥ al-Ḥammūrī ; ishrāf wa-taʻlīf al-Duktūr ʻAlī al-Murrī, al-Brūfīsūr Rāʼid ʻAwāmlah, al-Duktūr Yūsuf al-ghalāynī, maʻa al-taqdīr lil-musāhamāt al-qayimah ʻĀishah Sulṭān al-Shāmisī ; tadqīq Lamā Zaqzaq, Amal al-Sīsī.</subfield>
  </datafield>
  <datafield tag="880" ind1="1" ind2="2">
    <subfield code="6">245-02/(3/r‏</subfield>
    <subfield code="a">‏الوصايا العشر للإدارة الحكومية :‏</subfield>
    <subfield code="b">‏مستوحاه من كتاب &quot;قصتي&quot; للشيخ محمد بن راشد آل مكتوم /‏</subfield>
    <subfield code="c">‏إعداد وتأليف رولا المعايطة، نسيم الصمادي، صالح الحموري ؛ إشراف وتعليف الدكتور علي المري، البروفيسور رائد عواملة، الدكتور يوسف الغلايني، مع التقدير للمساهمات القيمة عاشة سلطان الشامسي ؛ تدقيق لما زقزق، أمل السيسي.</subfield>
  </datafield>
  <datafield tag="250" ind1=" " ind2=" ">
    <subfield code="6">880-03</subfield>
    <subfield code="a">al-Ṭabʻah al-ūlá.</subfield>
  </datafield>
  <datafield tag="880" ind1=" " ind2=" ">
    <subfield code="6">250-03/(3/r‏</subfield>
    <subfield code="a">‏الطبعة الأولى.</subfield>
  </datafield>
  <datafield tag="264" ind1=" " ind2="1">
    <subfield code="6">880-04</subfield>
    <subfield code="a">Dubay :</subfield>
    <subfield code="b">Qandīl lil-Ṭibāʻah wa-al-Nashr wa-al-Tawzīʻ,</subfield>
    <subfield code="c">2019.</subfield>
  </datafield>
  <datafield tag="880" ind1=" " ind2="1">
    <subfield code="6">264-04/(3/r‏</subfield>
    <subfield code="a">‏دبي :‏</subfield>
    <subfield code="b">‏قنديل للطباعة والنشر والتوزيع،‏</subfield>
    <subfield code="c">‏‪2019‬.</subfield>
  </datafield>
  <datafield tag="300" ind1=" " ind2=" ">
    <subfield code="a">311 pages ;</subfield>
    <subfield code="c">25 cm</subfield>
  </datafield>
  <datafield tag="336" ind1=" " ind2=" ">
    <subfield code="a">text</subfield>
    <subfield code="b">txt</subfield>
    <subfield code="2">rdacontent</subfield>
  </datafield>
  <datafield tag="337" ind1=" " ind2=" ">
    <subfield code="a">unmediated</subfield>
    <subfield code="b">n</subfield>
    <subfield code="2">rdamedia</subfield>
  </datafield>
  <datafield tag="338" ind1=" " ind2=" ">
    <subfield code="a">volume</subfield>
    <subfield code="b">nc</subfield>
    <subfield code="2">rdacarrier</subfield>
  </datafield>
  <datafield tag="520" ind1=" " ind2=" ">
    <subfield code="a">Leadership; public administration; political leadership; management; United Arab Emirates.</subfield>
  </datafield>
  <datafield tag="985" ind1=" " ind2=" ">
    <subfield code="e">ODE-ca</subfield>
  </datafield>
</record>