
<record>
  <leader>01046cam a22002171  4500</leader>
  <controlfield tag="001">21344354</controlfield>
  <controlfield tag="005">20191229191043.0</controlfield>
  <controlfield tag="008">191223s1945    enk           000 0 eng c</controlfield>
  <datafield tag="906" ind1=" " ind2=" ">
    <subfield code="a">7</subfield>
    <subfield code="b">cbc</subfield>
    <subfield code="c">premver</subfield>
    <subfield code="d">u</subfield>
    <subfield code="e">ncip</subfield>
    <subfield code="f">19</subfield>
    <subfield code="g">y-genrareb</subfield>
  </datafield>
  <datafield tag="010" ind1=" " ind2=" ">
    <subfield code="a">a  45003786 </subfield>
  </datafield>
  <datafield tag="040" ind1=" " ind2=" ">
    <subfield code="a">Harvard Univ. Library</subfield>
    <subfield code="b">eng</subfield>
    <subfield code="c">DLC</subfield>
    <subfield code="d">DLC</subfield>
  </datafield>
  <datafield tag="050" ind1="0" ind2="0">
    <subfield code="a">PR5774</subfield>
    <subfield code="b">.H3 1945</subfield>
  </datafield>
  <datafield tag="100" ind1="1" ind2=" ">
    <subfield code="a">Wells, H. G.</subfield>
    <subfield code="q">(Herbert George),</subfield>
    <subfield code="d">1866-1946</subfield>
  </datafield>
  <datafield tag="245" ind1="1" ind2="4">
    <subfield code="a">The happy turning;</subfield>
    <subfield code="b">a dream of life,</subfield>
    <subfield code="c">by H. G. Wells.</subfield>
  </datafield>
  <datafield tag="260" ind1=" " ind2=" ">
    <subfield code="a">London,</subfield>
    <subfield code="a">Toronto,</subfield>
    <subfield code="b">W. Heinemann ltd</subfield>
    <subfield code="c">[1945].</subfield>
  </datafield>
  <datafield tag="300" ind1=" " ind2=" ">
    <subfield code="a">v, 50 p.</subfield>
    <subfield code="c">22 cm.</subfield>
  </datafield>
  <datafield tag="500" ind1=" " ind2=" ">
    <subfield code="a">&quot;First published 1945.&quot;</subfield>
  </datafield>
  <datafield tag="505" ind1="0" ind2=" ">
    <subfield code="a">CONTENTS.--How I came to the happy turning.--Suppressions and symbolism in dreamland.--Compensation beyond the happy turning.--The holy carnival.--Jesus of Nazareth discusses his failure.--The architect plans the world.--Miracles, devils and the Gardarene swine.--A hymn of hate against sycamores.--The divine timelessness of beautiful things.</subfield>
  </datafield>
  <datafield tag="952" ind1=" " ind2=" ">
    <subfield code="a">LAC tnb 2019-12-23 create (1 card)</subfield>
  </datafield>
  <datafield tag="984" ind1=" " ind2=" ">
    <subfield code="a">rsl</subfield>
    <subfield code="d">2019-12-23</subfield>
  </datafield>
  <datafield tag="985" ind1=" " ind2=" ">
    <subfield code="a">rblacfederal</subfield>
    <subfield code="d">20191223</subfield>
  </datafield>
</record>