
<record>
  <leader>01241cam a22002775i 4500</leader>
  <controlfield tag="001">21344941</controlfield>
  <controlfield tag="005">20191229031513.0</controlfield>
  <controlfield tag="008">191220q2008    qa a          000 0 ara  </controlfield>
  <datafield tag="906" ind1=" " ind2=" ">
    <subfield code="a">0</subfield>
    <subfield code="b">ibc</subfield>
    <subfield code="c">origode</subfield>
    <subfield code="d">3</subfield>
    <subfield code="e">ncip</subfield>
    <subfield code="f">20</subfield>
    <subfield code="g">y-nonroman</subfield>
  </datafield>
  <datafield tag="925" ind1="0" ind2=" ">
    <subfield code="a">acquire</subfield>
    <subfield code="b">1 shelf copy</subfield>
    <subfield code="x">policy default</subfield>
  </datafield>
  <datafield tag="955" ind1=" " ind2=" ">
    <subfield code="b">we59 2019-12-26 to ASME/ME</subfield>
  </datafield>
  <datafield tag="010" ind1=" " ind2=" ">
    <subfield code="a">  2019446822</subfield>
  </datafield>
  <datafield tag="040" ind1=" " ind2=" ">
    <subfield code="a">DLC</subfield>
    <subfield code="b">eng</subfield>
    <subfield code="e">rda</subfield>
    <subfield code="c">DLC</subfield>
  </datafield>
  <datafield tag="042" ind1=" " ind2=" ">
    <subfield code="a">pcc</subfield>
    <subfield code="a">lcode</subfield>
  </datafield>
  <datafield tag="066" ind1=" " ind2=" ">
    <subfield code="c">(3</subfield>
  </datafield>
  <datafield tag="245" ind1="0" ind2="3">
    <subfield code="6">880-01</subfield>
    <subfield code="a">al-Qāmūs al-ishārī al-ʻArabī lil-ṣum /</subfield>
    <subfield code="c">al-Majlis al-Aʻlá li-Shuʼūn al-Usrah.</subfield>
  </datafield>
  <datafield tag="880" ind1="0" ind2="2">
    <subfield code="6">245-01/(3/r‏</subfield>
    <subfield code="a">‏القاموس الإشاري العربي للصم /‏</subfield>
    <subfield code="c">‏المجلس الأعلى لشؤون الأسرة.</subfield>
  </datafield>
  <datafield tag="264" ind1=" " ind2="1">
    <subfield code="6">880-02</subfield>
    <subfield code="a">al-Dawḥah :</subfield>
    <subfield code="b">al-Majlis al-Aʻlá li-Shuʼūn al-Usrah,</subfield>
    <subfield code="c">&lt;2007&gt;</subfield>
  </datafield>
  <datafield tag="880" ind1=" " ind2="1">
    <subfield code="6">264-02/(3/r‏</subfield>
    <subfield code="a">‏الدوحة :‏</subfield>
    <subfield code="b">‏المجلس الأعلى لشؤون الأسرة،‏</subfield>
    <subfield code="c">‏‪&lt;2007&gt;‬</subfield>
  </datafield>
  <datafield tag="300" ind1=" " ind2=" ">
    <subfield code="a">volumes ;</subfield>
    <subfield code="b">col. ill. ;</subfield>
    <subfield code="c">27 cm</subfield>
  </datafield>
  <datafield tag="336" ind1=" " ind2=" ">
    <subfield code="a">text</subfield>
    <subfield code="b">txt</subfield>
    <subfield code="2">rdacontent</subfield>
  </datafield>
  <datafield tag="337" ind1=" " ind2=" ">
    <subfield code="a">unmediated</subfield>
    <subfield code="b">n</subfield>
    <subfield code="2">rdamedia</subfield>
  </datafield>
  <datafield tag="338" ind1=" " ind2=" ">
    <subfield code="a">volume</subfield>
    <subfield code="b">nc</subfield>
    <subfield code="2">rdacarrier</subfield>
  </datafield>
  <datafield tag="710" ind1="1" ind2=" ">
    <subfield code="6">880-03</subfield>
    <subfield code="a">Qatar.</subfield>
    <subfield code="b">Majlis al-Aʻlá li-Shuʼūn al-Usrah.</subfield>
  </datafield>
  <datafield tag="880" ind1="1" ind2=" ">
    <subfield code="6">710-03/(3/r‏</subfield>
    <subfield code="a">‏قطر.‏</subfield>
    <subfield code="b">‏المجلس الأعلى لشؤون الأسرة.</subfield>
  </datafield>
  <datafield tag="985" ind1=" " ind2=" ">
    <subfield code="e">ODE-ca</subfield>
  </datafield>
</record>