
<record>
  <leader>03156nam a22003858i 4500</leader>
  <controlfield tag="001">21346841</controlfield>
  <controlfield tag="005">20191229160347.0</controlfield>
  <controlfield tag="008">191228s2020    nyu      b    001 0 eng  </controlfield>
  <datafield tag="906" ind1=" " ind2=" ">
    <subfield code="a">0</subfield>
    <subfield code="b">ibc</subfield>
    <subfield code="c">orignew</subfield>
    <subfield code="d">1</subfield>
    <subfield code="e">ecip</subfield>
    <subfield code="f">20</subfield>
    <subfield code="g">y-gencatlg</subfield>
  </datafield>
  <datafield tag="925" ind1="0" ind2=" ">
    <subfield code="a">acquire</subfield>
    <subfield code="b">1 shelf copy</subfield>
    <subfield code="x">policy default</subfield>
  </datafield>
  <datafield tag="955" ind1=" " ind2=" ">
    <subfield code="b">LBSOR 2019-12-28</subfield>
  </datafield>
  <datafield tag="010" ind1=" " ind2=" ">
    <subfield code="a">  2019043044</subfield>
  </datafield>
  <datafield tag="020" ind1=" " ind2=" ">
    <subfield code="a">9780231180863</subfield>
    <subfield code="q">(hardback)</subfield>
  </datafield>
  <datafield tag="020" ind1=" " ind2=" ">
    <subfield code="a">9780231180870</subfield>
    <subfield code="q">(trade paperback)</subfield>
  </datafield>
  <datafield tag="020" ind1=" " ind2=" ">
    <subfield code="z">9780231543309</subfield>
    <subfield code="q">(ebook)</subfield>
  </datafield>
  <datafield tag="040" ind1=" " ind2=" ">
    <subfield code="a">LBSOR/DLC</subfield>
    <subfield code="b">eng</subfield>
    <subfield code="e">rda</subfield>
    <subfield code="c">DLC</subfield>
  </datafield>
  <datafield tag="042" ind1=" " ind2=" ">
    <subfield code="a">pcc</subfield>
  </datafield>
  <datafield tag="050" ind1="0" ind2="0">
    <subfield code="a">PN1995</subfield>
  </datafield>
  <datafield tag="100" ind1="1" ind2=" ">
    <subfield code="a">Keller, Sarah</subfield>
    <subfield code="q">(Sarah K.),</subfield>
    <subfield code="e">author.</subfield>
  </datafield>
  <datafield tag="245" ind1="1" ind2="0">
    <subfield code="a">Anxious cinephilia :</subfield>
    <subfield code="b">pleasure and peril at the movies /</subfield>
    <subfield code="c">Sarah Keller.</subfield>
  </datafield>
  <datafield tag="263" ind1=" " ind2=" ">
    <subfield code="a">2004</subfield>
  </datafield>
  <datafield tag="264" ind1=" " ind2="1">
    <subfield code="a">New York :</subfield>
    <subfield code="b">Columbia University Press,</subfield>
    <subfield code="c">[2020]</subfield>
  </datafield>
  <datafield tag="300" ind1=" " ind2=" ">
    <subfield code="a">pages cm.</subfield>
  </datafield>
  <datafield tag="336" ind1=" " ind2=" ">
    <subfield code="a">text</subfield>
    <subfield code="b">txt</subfield>
    <subfield code="2">rdacontent</subfield>
  </datafield>
  <datafield tag="337" ind1=" " ind2=" ">
    <subfield code="a">unmediated</subfield>
    <subfield code="b">n</subfield>
    <subfield code="2">rdamedia</subfield>
  </datafield>
  <datafield tag="338" ind1=" " ind2=" ">
    <subfield code="a">volume</subfield>
    <subfield code="b">nc</subfield>
    <subfield code="2">rdacarrier</subfield>
  </datafield>
  <datafield tag="490" ind1="0" ind2=" ">
    <subfield code="a">Film and culture</subfield>
  </datafield>
  <datafield tag="504" ind1=" " ind2=" ">
    <subfield code="a">Includes bibliographical references and index.</subfield>
  </datafield>
  <datafield tag="505" ind1="0" ind2=" ">
    <subfield code="a">Ardor and anxiety : the history of cinephilia -- Enchanting images -- Cinephilia and technology : anxiety and obsolescence -- The exquisite apocalypse -- Conclusion : anxious times, anxious cinema.</subfield>
  </datafield>
  <datafield tag="520" ind1=" " ind2=" ">
    <subfield code="a">&quot;The digital revolution in contemporary movie-making has engendered a wave of cinephilia among those nostalgic for the culture of cinema and the medium of film. It has also spawned growing concerns about their future. The concept of cinephilia, Keller argues, is hardly new as technological revolutions have always brought out similar reactions in the face of change and a sense of passing (the advent of sound from silent films, color, etc.). In Anxious Cinephilia, Keller looks back at the history of cinephilia from avant-garde filmmakers in the beginning of the twentieth century to the French New Wave&apos;s love of Humphrey Bogart to contemporary critics celebrating their love of cinema. She also considers the ways in which cinephilia has embraced some of the democratic/utopic aspects of the digital revolution such as Youtube and the proliferation of GIFs. Tied to cinephilia has been the concept of cinephobia, which has centered on three interrelated areas: anxieties about being captured on film (surveillance, unattractive footage of oneself, cinema&apos;s soul-stealing dangers), anxieties about cinema&apos;s deleterious influence on audiences; and anxieties about the medium itself. Keller demonstrates that a recognition of the reciprocal relationship between cinephilia and anxiety allows an entry point into understanding the current digital revolution and the history of film. Keller examines the ways in which films have depicted or thematized anxious cinephilia as well as considering audience and critical reactions to cinema and changes in film technology and culture&quot;--</subfield>
    <subfield code="c">Provided by publisher.</subfield>
  </datafield>
  <datafield tag="650" ind1=" " ind2="0">
    <subfield code="a">Motion pictures</subfield>
    <subfield code="x">Appreciation.</subfield>
  </datafield>
  <datafield tag="650" ind1=" " ind2="0">
    <subfield code="a">Motion pictures</subfield>
    <subfield code="x">Psychological aspects.</subfield>
  </datafield>
  <datafield tag="650" ind1=" " ind2="0">
    <subfield code="a">Motion pictures</subfield>
    <subfield code="x">History.</subfield>
  </datafield>
  <datafield tag="776" ind1="0" ind2="8">
    <subfield code="i">Online version:</subfield>
    <subfield code="a">Keller, Sarah (Sarah K.)</subfield>
    <subfield code="t">Anxious cinephilia.</subfield>
    <subfield code="d">New York : Columbia University Press, [2020]</subfield>
    <subfield code="z">9780231543309</subfield>
    <subfield code="w">(DLC)  2019043045</subfield>
  </datafield>
  <datafield tag="985" ind1=" " ind2=" ">
    <subfield code="a">LBSORCIP</subfield>
    <subfield code="d">2019-12-28</subfield>
  </datafield>
</record>