
<record>
  <leader>04565nam a22003978i 4500</leader>
  <controlfield tag="001">21346848</controlfield>
  <controlfield tag="005">20191229193829.0</controlfield>
  <controlfield tag="008">191220s2020    ncu      b    000 0 eng  </controlfield>
  <datafield tag="906" ind1=" " ind2=" ">
    <subfield code="a">0</subfield>
    <subfield code="b">ibc</subfield>
    <subfield code="c">orignew</subfield>
    <subfield code="d">1</subfield>
    <subfield code="e">ecip</subfield>
    <subfield code="f">20</subfield>
    <subfield code="g">y-gencatlg</subfield>
  </datafield>
  <datafield tag="925" ind1="0" ind2=" ">
    <subfield code="a">acquire</subfield>
    <subfield code="b">1 shelf copy</subfield>
    <subfield code="x">policy default</subfield>
  </datafield>
  <datafield tag="955" ind1=" " ind2=" ">
    <subfield code="b">LBSOR 2019-12-20</subfield>
  </datafield>
  <datafield tag="010" ind1=" " ind2=" ">
    <subfield code="a">  2019047508</subfield>
  </datafield>
  <datafield tag="020" ind1=" " ind2=" ">
    <subfield code="a">9781641138741</subfield>
    <subfield code="q">(hardcover)</subfield>
  </datafield>
  <datafield tag="020" ind1=" " ind2=" ">
    <subfield code="a">9781641138734</subfield>
    <subfield code="q">(paperback)</subfield>
  </datafield>
  <datafield tag="020" ind1=" " ind2=" ">
    <subfield code="z">9781641138758</subfield>
    <subfield code="q">(ebook)</subfield>
  </datafield>
  <datafield tag="040" ind1=" " ind2=" ">
    <subfield code="a">LBSOR/DLC</subfield>
    <subfield code="b">eng</subfield>
    <subfield code="e">rda</subfield>
    <subfield code="c">DLC</subfield>
  </datafield>
  <datafield tag="042" ind1=" " ind2=" ">
    <subfield code="a">pcc</subfield>
  </datafield>
  <datafield tag="050" ind1="0" ind2="0">
    <subfield code="a">LB1620</subfield>
  </datafield>
  <datafield tag="245" ind1="0" ind2="0">
    <subfield code="a">School turnaround in secondary schools :</subfield>
    <subfield code="b">possibilities, complexities, and sustainability /</subfield>
    <subfield code="c">edited by Coby V. Meyers, Marlene Darwin.</subfield>
  </datafield>
  <datafield tag="263" ind1=" " ind2=" ">
    <subfield code="a">2004</subfield>
  </datafield>
  <datafield tag="264" ind1=" " ind2="1">
    <subfield code="a">Charlotte, NC :</subfield>
    <subfield code="b">Information Age Publishing, Inc.,</subfield>
    <subfield code="c">[2020]</subfield>
  </datafield>
  <datafield tag="300" ind1=" " ind2=" ">
    <subfield code="a">pages cm.</subfield>
  </datafield>
  <datafield tag="336" ind1=" " ind2=" ">
    <subfield code="a">text</subfield>
    <subfield code="b">txt</subfield>
    <subfield code="2">rdacontent</subfield>
  </datafield>
  <datafield tag="337" ind1=" " ind2=" ">
    <subfield code="a">unmediated</subfield>
    <subfield code="b">n</subfield>
    <subfield code="2">rdamedia</subfield>
  </datafield>
  <datafield tag="338" ind1=" " ind2=" ">
    <subfield code="a">volume</subfield>
    <subfield code="b">nc</subfield>
    <subfield code="2">rdacarrier</subfield>
  </datafield>
  <datafield tag="490" ind1="0" ind2=" ">
    <subfield code="a">Contemporary perspectives on school turnaround and reform</subfield>
  </datafield>
  <datafield tag="504" ind1=" " ind2=" ">
    <subfield code="a">Includes bibliographical references.</subfield>
  </datafield>
  <datafield tag="505" ind1="0" ind2=" ">
    <subfield code="a">Organizing across districts and schools for secondary-level turnaround / Marlene J. Darwin and Coby V. Meyers -- The secondary school turnaround model / Dorit Tubin -- Heads and tails : possibilities and limitations of high school transformation / Raquel Miño-Puigcercós and Juana Ma Sancho-Gil -- An institutional perspective on school turnaround in New York City / Madhu Narayanan -- Activating turnaround leadership solicitation of data-informed decision-making within Australian public schools / Venesser Fernandes and Michael Henderson -- High school improvement : moving from THE students to OUR students / Carmen Mombourquette, Jacey Burkholder and Corey Baker -- Promising strategies for improving high schools in Massachusetts / Alexandra M. Kistner and Laura B. Stein -- Recognizing the strengths of &apos;failing schools&apos; : an evidence-based way to sustainable change? / Stephan Drucks, Nina Bremm, Isabell van Ackeren, and Esther Dominique Klein -- Leadership teams in secondary schools : an untapped resource for promoting improvement? / Bryan A. VanGronigen -- Where&apos;s the playbook? Curriculum, infrastructure, and high school turnaround / Adrian Larbi-Cherif, Sarah Winchell Lenhoff, and Joshua L. Glazer -- Toward an agenda for increased focus on turning around low-performing secondary schools / Coby V. Meyers and Marlene J. Darwin.</subfield>
  </datafield>
  <datafield tag="520" ind1=" " ind2=" ">
    <subfield code="a">&quot;In the continuing quest to turnaround the lowest performing schools, rapid and sustainable reform, or school turnaround, seems most elusive for secondary schools. Secondary schools are rife with challenges due to their wide-ranging mission and organizational complexity. With the continued emphasis on college and career readiness and the vast learning possibilities enhanced by technology, our third book in this series, Contemporary Perspectives on School Turnaround and Reform, focuses on rapid school turnaround and reform in secondary schools. In this edited volume, researchers and scholars consider the doubly perplexing challenge of school turnaround or the rapid improvement of the lowest-performing secondary schools. Although there is some evidence that school turnaround policy can impact student achievement scores, research across international contexts seldom identifies schools that substantially changed student learning trajectories and sustained them. Separately, many societies have found improving secondary schools a relatively intractable problem for multiple reasons, including school size and complexity, the micropolitics of teaching and leading within them, and cumulative widening student achievement gaps. In combination, there are almost no examples of low-performing secondary schools turning around. The chapters in this book begin to offer some hope about how policymakers, practitioners, and researchers might begin to reconceptualize how they engage in and undertake the work of rapidly improving low-performing secondary schools. The authors provide theoretical and conceptual advancements, offer lessons learned from both successful and unsuccessful initiatives, and address practical issues with potentially accessible ways forward&quot;--</subfield>
    <subfield code="c">Provided by publisher.</subfield>
  </datafield>
  <datafield tag="650" ind1=" " ind2="0">
    <subfield code="a">Education, Secondary</subfield>
    <subfield code="x">Aims and objectives</subfield>
    <subfield code="v">Case studies.</subfield>
  </datafield>
  <datafield tag="650" ind1=" " ind2="0">
    <subfield code="a">School improvement programs</subfield>
    <subfield code="v">Case studies.</subfield>
  </datafield>
  <datafield tag="650" ind1=" " ind2="0">
    <subfield code="a">Low-performing schools</subfield>
    <subfield code="v">Case studies.</subfield>
  </datafield>
  <datafield tag="650" ind1=" " ind2="0">
    <subfield code="a">Educational change</subfield>
    <subfield code="v">Case studies.</subfield>
  </datafield>
  <datafield tag="700" ind1="1" ind2=" ">
    <subfield code="a">Meyers, Coby V.,</subfield>
    <subfield code="e">editor.</subfield>
  </datafield>
  <datafield tag="700" ind1="1" ind2=" ">
    <subfield code="a">Darwin, Marlene,</subfield>
    <subfield code="e">editor.</subfield>
  </datafield>
  <datafield tag="985" ind1=" " ind2=" ">
    <subfield code="a">LBSORCIP</subfield>
    <subfield code="d">2019-12-20</subfield>
  </datafield>
</record>