
<record>
  <leader>01897nam a22003738i 4500</leader>
  <controlfield tag="001">21346851</controlfield>
  <controlfield tag="005">20191229205024.0</controlfield>
  <controlfield tag="008">191220s2020    mdu      b    001 0deng  </controlfield>
  <datafield tag="906" ind1=" " ind2=" ">
    <subfield code="a">0</subfield>
    <subfield code="b">ibc</subfield>
    <subfield code="c">orignew</subfield>
    <subfield code="d">1</subfield>
    <subfield code="e">ecip</subfield>
    <subfield code="f">20</subfield>
    <subfield code="g">y-gencatlg</subfield>
  </datafield>
  <datafield tag="925" ind1="0" ind2=" ">
    <subfield code="a">acquire</subfield>
    <subfield code="b">1 shelf copy</subfield>
    <subfield code="x">policy default</subfield>
  </datafield>
  <datafield tag="955" ind1=" " ind2=" ">
    <subfield code="b">LBSOR 2019-12-20</subfield>
  </datafield>
  <datafield tag="010" ind1=" " ind2=" ">
    <subfield code="a">  2019038928</subfield>
  </datafield>
  <datafield tag="020" ind1=" " ind2=" ">
    <subfield code="a">9781538125212</subfield>
    <subfield code="q">(cloth)</subfield>
  </datafield>
  <datafield tag="020" ind1=" " ind2=" ">
    <subfield code="z">9781538125229</subfield>
    <subfield code="q">(epub)</subfield>
  </datafield>
  <datafield tag="040" ind1=" " ind2=" ">
    <subfield code="a">LBSOR/DLC</subfield>
    <subfield code="b">eng</subfield>
    <subfield code="e">rda</subfield>
    <subfield code="c">DLC</subfield>
  </datafield>
  <datafield tag="042" ind1=" " ind2=" ">
    <subfield code="a">pcc</subfield>
  </datafield>
  <datafield tag="043" ind1=" " ind2=" ">
    <subfield code="a">n-us---</subfield>
  </datafield>
  <datafield tag="050" ind1="0" ind2="0">
    <subfield code="a">GV873</subfield>
  </datafield>
  <datafield tag="100" ind1="1" ind2=" ">
    <subfield code="a">Stewart, Wayne,</subfield>
    <subfield code="d">1951-</subfield>
    <subfield code="e">author.</subfield>
  </datafield>
  <datafield tag="245" ind1="1" ind2="0">
    <subfield code="a">Wits, flakes, and clowns :</subfield>
    <subfield code="b">the colorful characters of baseball /</subfield>
    <subfield code="c">Wayne Stewart.</subfield>
  </datafield>
  <datafield tag="263" ind1=" " ind2=" ">
    <subfield code="a">2002</subfield>
  </datafield>
  <datafield tag="264" ind1=" " ind2="1">
    <subfield code="a">Lanham :</subfield>
    <subfield code="b">Rowman &amp; Littlefield,</subfield>
    <subfield code="c">[2020]</subfield>
  </datafield>
  <datafield tag="300" ind1=" " ind2=" ">
    <subfield code="a">pages cm</subfield>
  </datafield>
  <datafield tag="336" ind1=" " ind2=" ">
    <subfield code="a">text</subfield>
    <subfield code="b">txt</subfield>
    <subfield code="2">rdacontent</subfield>
  </datafield>
  <datafield tag="337" ind1=" " ind2=" ">
    <subfield code="a">unmediated</subfield>
    <subfield code="b">n</subfield>
    <subfield code="2">rdamedia</subfield>
  </datafield>
  <datafield tag="338" ind1=" " ind2=" ">
    <subfield code="a">volume</subfield>
    <subfield code="b">nc</subfield>
    <subfield code="2">rdacarrier</subfield>
  </datafield>
  <datafield tag="504" ind1=" " ind2=" ">
    <subfield code="a">Includes bibliographical references and index.</subfield>
  </datafield>
  <datafield tag="505" ind1="0" ind2=" ">
    <subfield code="a">Background -- Kings of the hill : the most colorful pitchers ever -- Kings of the diamond--the most colorful position players of all time -- Quick takes on the princes of pranks and zaniness -- The royal jesters : honorary mentions.</subfield>
  </datafield>
  <datafield tag="520" ind1=" " ind2=" ">
    <subfield code="a">&quot;This book features many of the funniest, flakiest, and most clever men ever associated with baseball. From the hilarious Casey Candaele and the witty Andy Van Slyke to All-Stars Jimmy Piersall and Manny Ramirez, this book includes unique, never-before-heard stories, many told directly from author interviews with players and teammates&quot;--</subfield>
    <subfield code="c">Provided by publisher.</subfield>
  </datafield>
  <datafield tag="650" ind1=" " ind2="0">
    <subfield code="a">Baseball</subfield>
    <subfield code="z">United States</subfield>
    <subfield code="v">Anecdotes.</subfield>
  </datafield>
  <datafield tag="650" ind1=" " ind2="0">
    <subfield code="a">Baseball players</subfield>
    <subfield code="z">United States</subfield>
    <subfield code="v">Anecdotes.</subfield>
  </datafield>
  <datafield tag="650" ind1=" " ind2="0">
    <subfield code="a">Baseball</subfield>
    <subfield code="z">United States</subfield>
    <subfield code="x">History.</subfield>
  </datafield>
  <datafield tag="776" ind1="0" ind2="8">
    <subfield code="i">Online version:</subfield>
    <subfield code="a">Stewart, Wayne, 1951-</subfield>
    <subfield code="t">Wits, flakes, and clowns.</subfield>
    <subfield code="d">Lanham : Rowman &amp; Littlefield, [2020]</subfield>
    <subfield code="z">9781538125229</subfield>
    <subfield code="w">(DLC)  2019038929</subfield>
  </datafield>
  <datafield tag="985" ind1=" " ind2=" ">
    <subfield code="a">LBSORCIP</subfield>
    <subfield code="d">2019-12-20</subfield>
  </datafield>
</record>