
<record>
  <leader>04011nam a22003858i 4500</leader>
  <controlfield tag="001">21346854</controlfield>
  <controlfield tag="005">20191229212240.0</controlfield>
  <controlfield tag="008">191221s2020    onc      b    001 0 eng  </controlfield>
  <datafield tag="906" ind1=" " ind2=" ">
    <subfield code="a">0</subfield>
    <subfield code="b">ibc</subfield>
    <subfield code="c">orignew</subfield>
    <subfield code="d">1</subfield>
    <subfield code="e">ecip</subfield>
    <subfield code="f">20</subfield>
    <subfield code="g">y-gencatlg</subfield>
  </datafield>
  <datafield tag="925" ind1="0" ind2=" ">
    <subfield code="a">acquire</subfield>
    <subfield code="b">1 shelf copy</subfield>
    <subfield code="x">policy default</subfield>
  </datafield>
  <datafield tag="955" ind1=" " ind2=" ">
    <subfield code="b">LBSOR 2019-12-21</subfield>
  </datafield>
  <datafield tag="010" ind1=" " ind2=" ">
    <subfield code="a">  2019042423</subfield>
  </datafield>
  <datafield tag="020" ind1=" " ind2=" ">
    <subfield code="a">9781771888110</subfield>
    <subfield code="q">(hardcover)</subfield>
  </datafield>
  <datafield tag="020" ind1=" " ind2=" ">
    <subfield code="z">9780429276026</subfield>
    <subfield code="q">(ebook)</subfield>
  </datafield>
  <datafield tag="040" ind1=" " ind2=" ">
    <subfield code="a">LBSOR/DLC</subfield>
    <subfield code="b">eng</subfield>
    <subfield code="e">rda</subfield>
    <subfield code="c">DLC</subfield>
  </datafield>
  <datafield tag="042" ind1=" " ind2=" ">
    <subfield code="a">pcc</subfield>
  </datafield>
  <datafield tag="050" ind1="0" ind2="0">
    <subfield code="a">SD387.S87</subfield>
  </datafield>
  <datafield tag="245" ind1="0" ind2="0">
    <subfield code="a">Environmental and sustainable development through forestry and other resources /</subfield>
    <subfield code="c">edited by Arnab Banerjee, Manoj Kumar Jhariya, Dhiraj Kumar Yadav, Abhishek Raj.</subfield>
  </datafield>
  <datafield tag="263" ind1=" " ind2=" ">
    <subfield code="a">1912</subfield>
  </datafield>
  <datafield tag="264" ind1=" " ind2="1">
    <subfield code="a">Oakville, ON ;</subfield>
    <subfield code="a">Palm Bay, Florida :</subfield>
    <subfield code="b">Apple Academic Press,</subfield>
    <subfield code="c">[2020]</subfield>
  </datafield>
  <datafield tag="300" ind1=" " ind2=" ">
    <subfield code="a">pages cm</subfield>
  </datafield>
  <datafield tag="336" ind1=" " ind2=" ">
    <subfield code="a">text</subfield>
    <subfield code="b">txt</subfield>
    <subfield code="2">rdacontent</subfield>
  </datafield>
  <datafield tag="337" ind1=" " ind2=" ">
    <subfield code="a">unmediated</subfield>
    <subfield code="b">n</subfield>
    <subfield code="2">rdamedia</subfield>
  </datafield>
  <datafield tag="338" ind1=" " ind2=" ">
    <subfield code="a">volume</subfield>
    <subfield code="b">nc</subfield>
    <subfield code="2">rdacarrier</subfield>
  </datafield>
  <datafield tag="504" ind1=" " ind2=" ">
    <subfield code="a">Includes bibliographical references and index.</subfield>
  </datafield>
  <datafield tag="505" ind1="0" ind2=" ">
    <subfield code="a">Forests for resource management and environmental protection / Abhishek Raj, M.K. Jhariya, D.K. Yadav, and A. Banerjee -- Agroforestry systems in the hills and their ecosystem services / Abhishek Raj, M.K. Jhariya, D.K. Yadav, and A. Banerjee -- Multifunctional role of legumes in agroforestry / Abhishek Raj, M.K. Jhariya, A. Banerjee, and D.K. Yadav -- Multifunctional pastures for livestock management and climate change mitigation / Abhishek Raj, M.K. Jhariya, D.K. Yadav, and A. Banerjee -- Role of higher plants for air pollution mitigation in urban industrial areas / Shiboram Banerjee and Debnath Palit -- The uses and benefits of sludge and ways to protect against its probable harmful effects / Nazir Hussain -- Contributions of pit lakes to the socioeconomic status : a case study of the Raniganj Coal Field Area / Debnath Palit and Anjan Ray Chaudhury -- Chlorine status and drinking water quality monitoring within a public distribution system of Kollam District / Anila George -- Effect of environmental pollution on health and its prevention : an overview / Pallavi Chattopadhyay, Pinaki Chattopadhyay, and Debnath Palit -- Innovative approach to sustainable development and biodiversity conservation / Pinaki Chattopadhyay, Pallavi Chattopadhyay, and Debnath Palit -- Prospects of biotechnology for a sustainable environment / Saikat Mondal and Debnath Palit -- Technological assessment of sewage treatment plants / Harshita Jain, Renu Dhupper, Vishal Gandhi, and Geetanjali Kaushik.</subfield>
  </datafield>
  <datafield tag="520" ind1=" " ind2=" ">
    <subfield code="a">&quot;This book, Environmental and Sustainable Development Through Forestry and Other Resources, looks at using forestry and several other innovative measures to facilitate environmental sustainability. The volume covers an important selection of research that focuses on scientific applications and trends that aim toward enhancing sustainable development in the environment. Chapters discuss such diverse topics as using agroforestry for resource management, employing legumes in agroforestry, livestock management for climate change mitigation, introducing higher plants for air pollution mitigation in urban industrial areas, the uses and benefits of sludge, technological assessment of sewage treatment plants, and much more. This book will be a helpful and informative reference for the those in the disciplines of forestry, agriculture, ecology, and environmental science and will also be a pathway to addressing new concepts for a sustainable world&quot;--</subfield>
    <subfield code="c">Provided by publisher.</subfield>
  </datafield>
  <datafield tag="650" ind1=" " ind2="0">
    <subfield code="a">Sustainable forestry.</subfield>
  </datafield>
  <datafield tag="650" ind1=" " ind2="0">
    <subfield code="a">Sustainable development.</subfield>
  </datafield>
  <datafield tag="700" ind1="1" ind2=" ">
    <subfield code="a">Banerjee, Arnab</subfield>
    <subfield code="c">(Professor of environmental science),</subfield>
    <subfield code="e">editor.</subfield>
  </datafield>
  <datafield tag="700" ind1="1" ind2=" ">
    <subfield code="a">Jhariya, Manoj Kumar,</subfield>
    <subfield code="e">editor.</subfield>
  </datafield>
  <datafield tag="700" ind1="1" ind2=" ">
    <subfield code="a">Yadav, Dhiraj Kumar,</subfield>
    <subfield code="e">editor.</subfield>
  </datafield>
  <datafield tag="700" ind1="1" ind2=" ">
    <subfield code="a">Raj, Abhishek,</subfield>
    <subfield code="e">editor.</subfield>
  </datafield>
  <datafield tag="776" ind1="0" ind2="8">
    <subfield code="i">Online version:</subfield>
    <subfield code="t">Environmental and sustainable development through forestry and other resources.</subfield>
    <subfield code="d">Oakville, ON ; Palm Bay, Florida : Apple Academic Press, [2020]</subfield>
    <subfield code="z">9780429276026</subfield>
    <subfield code="w">(DLC)  2019042424</subfield>
  </datafield>
  <datafield tag="985" ind1=" " ind2=" ">
    <subfield code="a">LBSORCIP</subfield>
    <subfield code="d">2019-12-21</subfield>
  </datafield>
</record>